<?xml version="1.0" encoding="utf-8"?>
<record xmlns="http://www.loc.gov/MARC21/slim" xmlns:xsi="http://www.w3.org/2001/XMLSchema-instance" xsi:schemaLocation="http://www.loc.gov/MARC21/slim http://www.loc.gov/standards/marcxml/schema/MARC21slim.xsd">
	<leader>     nam a22     Mi 4500</leader>
	<controlfield tag="001">b12697345</controlfield>
	<controlfield tag="003">LeBAU</controlfield>
	<controlfield tag="006">m        d        </controlfield>
	<controlfield tag="007">cr cn |||m|||a</controlfield>
	<controlfield tag="008">181105s1933    le h    ob    ||1 0 ara d</controlfield>
	<datafield ind1=" " ind2=" " tag="040">
		<subfield code="a">ZYU</subfield>
		<subfield code="b">ara</subfield>
		<subfield code="e">rda</subfield>
		<subfield code="c">ZYU</subfield>
	</datafield>
	<datafield ind1="0" ind2=" " tag="041">
		<subfield code="a">ara</subfield>
		<subfield code="b">fre</subfield>
	</datafield>
	<datafield ind1=" " ind2="4" tag="050">
		<subfield code="a">DS84</subfield>
		<subfield code="b">.H32 1933</subfield>
	</datafield>
	<datafield ind1="0" ind2="4" tag="082">
		<subfield code="a">956.9</subfield>
		<subfield code="2">22</subfield>
	</datafield>
	<datafield ind1="1" ind2=" " tag="100">
		<subfield code="6">880-01</subfield>
		<subfield code="a">Ḥaydar Aḥmad al-Shihābī, Amīr,</subfield>
		<subfield code="d">1761?-1835?</subfield>
		<subfield code="e">author.</subfield>
	</datafield>
	<datafield ind1="1" ind2="0" tag="245">
		<subfield code="6">880-02</subfield>
		<subfield code="a">Lubnān fī ʻahd al-umarāʼ al-Shihābīyīn :</subfield>
		<subfield code="b">wa-huwa al-juzʼ al-thānī wa-al-thālith min Kitāb al-Ghurar al-ḥisān fī akhbār abnāʼ al-zamān /</subfield>
		<subfield code="c">lil-Amīr Ḥaydar Aḥmad al-Shihābī ; ʻuniya bi-ḍabṭihi wa-nashrihi wa-taʻlīq ḥawāshīhi wa-waḍʻ muqaddimatihi wa-fahārisihi al-Duktūr Asad Rustum, aḥad asātidhat al-tārīkh al-sharqī fī Jāmi‘at Bayrūt al-Amīrikīyah, Fuʼād Afrām al-Bustānī, ustādh al-ādāb al-‘Arabīyah fi Kullīyat al-Qiddīs Yūsuf.</subfield>
	</datafield>
	<datafield ind1="1" ind2="5" tag="246">
		<subfield code="a">LE LIBAN A L'ÉPOQUE DES AMIRS CHIHAB</subfield>
	</datafield>
	<datafield ind1=" " ind2="1" tag="264">
		<subfield code="6">880-03</subfield>
		<subfield code="a">Bayrūt :</subfield>
		<subfield code="b">al-Jumhūrīyah al-Lubnānīyah, Manshūrāt Mudīrīyat al-Ma‘ārif al-‘Āmmah wa-al-Funūn al-Jamīlah,</subfield>
		<subfield code="c">1933.</subfield>
	</datafield>
	<datafield ind1=" " ind2=" " tag="300">
		<subfield code="6">880-04</subfield>
		<subfield code="a">online resource (3 parts) :</subfield>
		<subfield code="b">illustrations, facsimiles</subfield>
	</datafield>
	<datafield ind1=" " ind2=" " tag="336">
		<subfield code="a">text</subfield>
		<subfield code="2">rdacontent</subfield>
	</datafield>
	<datafield ind1=" " ind2=" " tag="337">
		<subfield code="a">computer</subfield>
		<subfield code="2">rdamedia</subfield>
	</datafield>
	<datafield ind1=" " ind2=" " tag="338">
		<subfield code="a">online resource</subfield>
		<subfield code="2">rdacarrier</subfield>
	</datafield>
	<datafield ind1=" " ind2=" " tag="500">
		<subfield code="a">Part of the Arabic Collections Online (ACO) project, contributed by American University of Beirut's Jafet Memorial Library.</subfield>
	</datafield>
	<datafield ind1=" " ind2=" " tag="533">
		<subfield code="a">Electronic reproduction.</subfield>
		<subfield code="b">New York, N.Y. :</subfield>
		<subfield code="c">New York University,</subfield>
		<subfield code="d">2018.</subfield>
		<subfield code="5">NNU</subfield>
	</datafield>
	<datafield ind1=" " ind2="0" tag="651">
		<subfield code="6">880-05</subfield>
		<subfield code="a">Lebanon</subfield>
		<subfield code="x">History</subfield>
		<subfield code="y">1697-1841.</subfield>
	</datafield>
	<datafield ind1=" " ind2="0" tag="651">
		<subfield code="6">880-06</subfield>
		<subfield code="a">Lebanon</subfield>
		<subfield code="x">History</subfield>
		<subfield code="y">18th century</subfield>
	</datafield>
	<datafield ind1=" " ind2="0" tag="651">
		<subfield code="6">880-07</subfield>
		<subfield code="a">Egypt</subfield>
		<subfield code="x">History</subfield>
		<subfield code="y">French occupation, 1798-1801.</subfield>
	</datafield>
	<datafield ind1="1" ind2=" " tag="700">
		<subfield code="6">880-08</subfield>
		<subfield code="a">Rustum, Asad,</subfield>
		<subfield code="d">1897-1965,</subfield>
		<subfield code="e">compiler.</subfield>
	</datafield>
	<datafield ind1="1" ind2=" " tag="700">
		<subfield code="6">880-09</subfield>
		<subfield code="a">Bustānī, Fuʼād Afrām,</subfield>
		<subfield code="e">compiler.</subfield>
	</datafield>
	<datafield ind1="2" ind2=" " tag="710">
		<subfield code="a">Jafet Memorial Library.</subfield>
	</datafield>
	<datafield ind1="0" ind2=" " tag="730">
		<subfield code="a">Arabic Collections Online.</subfield>
	</datafield>
	<datafield ind1="0" ind2="8" tag="776">
		<subfield code="i">Print version:</subfield>
		<subfield code="a">Ḥaydar Aḥmad al-Shihābī, Amīr, 1761?-1835? author.</subfield>
		<subfield code="t">Lubnān fī ʻahd al-umarāʼ al-Shihābīyīn</subfield>
		<subfield code="w">(LeBAU)b12697345</subfield>
	</datafield>
	<datafield ind1="0" ind2=" " tag="777">
		<subfield code="6">880-10</subfield>
		<subfield code="i">has whole-part work relationship with</subfield>
		<subfield code="4">http://rdaregistry.info/Elements/w/P10232:</subfield>
		<subfield code="t">Ghurar al-ḥisān fī akhbār abnāʼ al-zamān</subfield>
		<subfield code="w">(OCoLC)784514856</subfield>
		<subfield code="w">(OCoLC)784514856</subfield>
	</datafield>
	<datafield ind1="4" ind2="0" tag="856">
		<subfield code="u">http://hdl.handle.net/2333.1/ns1rnh10</subfield>
	</datafield>
	<datafield ind1="1" ind2=" " tag="880">
		<subfield code="6">100-01</subfield>
		<subfield code="a">،حيدر احمد الشهابي، الامير</subfield>
		<subfield code="d">1761؟-1835؟</subfield>
		<subfield code="e">مؤلف.</subfield>
		<subfield code="4">aut.</subfield>
	</datafield>
	<datafield ind1="1" ind2="0" tag="880">
		<subfield code="6">245-02</subfield>
		<subfield code="a">لبنان في عهد الأمراء الشهابيين :</subfield>
		<subfield code="b">وهو الجزء الثاني و الثالث من كتاب الغرر الحسان في أخبار أبناء الزمان /</subfield>
		<subfield code="c">للأمير حيدر أحمد الشهابي ؛ عني بضبطه ونشره وتعليق حواشيه ووضع مقدمته وفهارسه الدكتور أسد رستم، أحد أساتذة التاريخ الشرقي في جامعة بيروت الأميركية، فؤاد أفرام البستاني، أستاذ الآداب العربية في كلية القديس يوسف.</subfield>
	</datafield>
	<datafield ind1=" " ind2="1" tag="880">
		<subfield code="6">264-03</subfield>
		<subfield code="a">بيروت :</subfield>
		<subfield code="b">الجمهورية اللبنانية، منشورات مديرية المعارف العامة والفنون الجميلة،</subfield>
		<subfield code="c">1933.</subfield>
	</datafield>
	<datafield ind1=" " ind2=" " tag="880">
		<subfield code="6">300-04</subfield>
		<subfield code="a">3 أقسام :</subfield>
		<subfield code="b">مصورات، صور طبق الأصل ؛</subfield>
		<subfield code="c">24 سم</subfield>
	</datafield>
	<datafield ind1=" " ind2=" " tag="880">
		<subfield code="6">500-00</subfield>
		<subfield code="a">القسم الثالث يتضمن مقدمة بالفرنسية.</subfield>
	</datafield>
	<datafield ind1=" " ind2=" " tag="880">
		<subfield code="6">504-00</subfield>
		<subfield code="a">يتضمن مراجع ببليوغرافية وكشافات.</subfield>
	</datafield>
	<datafield ind1="0" ind2="0" tag="880">
		<subfield code="6">505-00</subfield>
		<subfield code="t">لبنان في عهد الأمراء الشهابيين:</subfield>
		<subfield code="g">القسم الأول.</subfield>
		<subfield code="t">لبنان والأقطار المجاورة في القرن الثامن عشر --</subfield>
		<subfield code="g">القسم الثاني.</subfield>
		<subfield code="t">الحملة الفرنسوية على مصر وأوائل حكم الأمير بشير الثاني --</subfield>
		<subfield code="g">القسم الثالث.</subfield>
		<subfield code="t">لبنان في عهد الأمير بشير الثاني.</subfield>
	</datafield>
	<datafield ind1=" " ind2="4" tag="880">
		<subfield code="6">651-05</subfield>
		<subfield code="a">لبنان</subfield>
		<subfield code="x">تاريخ</subfield>
		<subfield code="y">1697-1841.</subfield>
	</datafield>
	<datafield ind1=" " ind2="4" tag="880">
		<subfield code="6">651-06</subfield>
		<subfield code="a">لبنان</subfield>
		<subfield code="x">تاريخ</subfield>
		<subfield code="y">القرن الثامن عشر.</subfield>
	</datafield>
	<datafield ind1=" " ind2="4" tag="880">
		<subfield code="6">651-07</subfield>
		<subfield code="a">مصر</subfield>
		<subfield code="x">تاريخ</subfield>
		<subfield code="y">الإحتلال الفرنسي، 1798-1801.</subfield>
	</datafield>
	<datafield ind1="1" ind2=" " tag="880">
		<subfield code="6">700-08</subfield>
		<subfield code="a">رستم، اسد،</subfield>
		<subfield code="d">1897-1965،</subfield>
		<subfield code="e">معد.</subfield>
		<subfield code="4">com.</subfield>
	</datafield>
	<datafield ind1="1" ind2=" " tag="880">
		<subfield code="6">700-09</subfield>
		<subfield code="a">البستاني، فؤاد افرام،</subfield>
		<subfield code="e">معد.</subfield>
		<subfield code="4">com.</subfield>
	</datafield>
	<datafield ind1="0" ind2=" " tag="880">
		<subfield code="6">777-10</subfield>
		<subfield code="i">علاقة جزء كل مع عمل</subfield>
		<subfield code="4">http://rdaregistry.info/Elements/w/P10232:</subfield>
		<subfield code="t">الغرر الحسان في أخبار أبناء الزمان</subfield>
		<subfield code="w">b12796165</subfield>
		<subfield code="w">(OCoLC)784514856</subfield>
	</datafield>
	<datafield ind1=" " ind2=" " tag="959">
		<subfield code="a">NNU</subfield>
		<subfield code="b">WEB</subfield>
		<subfield code="c">GENI</subfield>
		<subfield code="t">0</subfield>
		<subfield code="m">Electronic access</subfield>
		<subfield code="s">01</subfield>
	</datafield>
	<datafield ind1=" " ind2=" " tag="999">
		<subfield code="i">LeBAU_b12697345</subfield>
		<subfield code="s">aub_aco001919:v.1</subfield>
		<subfield code="s">aub_aco001920:v.2</subfield>
		<subfield code="s">aub_aco001921:v.3</subfield>
		<subfield code="e">(ERROR-880)</subfield>
		<subfield code="s">aub_aco001919:v.1</subfield>
		<subfield code="s">aub_aco001920:v.2</subfield>
		<subfield code="s">aub_aco001921:v.3</subfield>
	</datafield>
</record>
